<record><leader>00000cas a2200000 a 4500</leader><controlfield tag="001">41645417</controlfield><controlfield tag="007">hd bfu---baap</controlfield><controlfield tag="007">hd afu---bacp</controlfield><controlfield tag="008">990702d19101915nbuwr nea     0    0eng d</controlfield><datafield ind1=" " ind2=" " tag="010"><subfield code="a">sn 99067014 </subfield></datafield><datafield ind1=" " ind2=" " tag="040"><subfield code="a">NVG</subfield><subfield code="b">eng</subfield><subfield code="c">NVG</subfield><subfield code="d">OCL</subfield><subfield code="d">OCLCQ</subfield><subfield code="d">OCLCF</subfield><subfield code="d">OCLCO</subfield></datafield><datafield ind1="1" ind2=" " tag="029"><subfield code="a">AU@</subfield><subfield code="b">000020367803</subfield></datafield><datafield ind1=" " ind2=" " tag="042"><subfield code="a">msc</subfield></datafield><datafield ind1=" " ind2=" " tag="043"><subfield code="a">n-us-nb</subfield></datafield><datafield ind1="0" ind2=" " tag="130"><subfield code="a">Hay Springs news (Hay Springs, Neb. : 1910)</subfield></datafield><datafield ind1="1" ind2="0" tag="245"><subfield code="a">Hay Springs news</subfield><subfield code="h">[microform].</subfield></datafield><datafield ind1=" " ind2=" " tag="260"><subfield code="a">Hay Springs, Sheridan County, Neb. :</subfield><subfield code="b">J.C. Burton,</subfield><subfield code="c">-1915.</subfield></datafield><datafield ind1=" " ind2=" " tag="300"><subfield code="a">5 v. ;</subfield><subfield code="c">56 cm.</subfield></datafield><datafield ind1=" " ind2=" " tag="310"><subfield code="a">Weekly</subfield></datafield><datafield ind1="1" ind2=" " tag="362"><subfield code="a">Began in 1910.</subfield></datafield><datafield ind1="0" ind2=" " tag="362"><subfield code="a">-v. 5, no. 41 (June 25, 1915).</subfield></datafield><datafield ind1=" " ind2=" " tag="580"><subfield code="a">Merged with: Hay Springs enterprise; to form: Hay Springs news and Hay Springs enterprise, consolidated.</subfield></datafield><datafield ind1=" " ind2=" " tag="588"><subfield code="a">Description based on: V. 3, no. 4 (Oct. 4, 1912).</subfield></datafield><datafield ind1=" " ind2=" " tag="533"><subfield code="a">Microfilm.</subfield><subfield code="m">Oct. 4, 1912-June 25,1915 : [Gaps].</subfield><subfield code="b">Lincoln, Neb. :</subfield><subfield code="c">Nebraska States Historical Society,</subfield><subfield code="d">1999.</subfield><subfield code="e">2 microfilm reels ; 35 mm.</subfield></datafield><datafield ind1=" " ind2="0" tag="651"><subfield code="a">Hay Springs (Neb.)</subfield><subfield code="v">Newspapers.</subfield></datafield><datafield ind1=" " ind2="7" tag="655"><subfield code="a">Newspapers.</subfield><subfield code="2">fast</subfield><subfield code="0">(OCoLC)fst01423814</subfield></datafield><datafield ind1=" " ind2="7" tag="651"><subfield code="a">Nebraska</subfield><subfield code="z">Hay Springs.</subfield><subfield code="2">fast</subfield><subfield code="0">(OCoLC)fst01237320</subfield></datafield><datafield ind1=" " ind2=" " tag="752"><subfield code="a">United States</subfield><subfield code="b">Nebraska</subfield><subfield code="c">Sheridan</subfield><subfield code="d">Hay Springs.</subfield></datafield><datafield ind1="1" ind2="7" tag="785"><subfield code="t">Hay Springs enterprise</subfield><subfield code="w">(DLC)sn 95070293</subfield><subfield code="w">(OCoLC)33094498</subfield></datafield><datafield ind1="1" ind2="7" tag="785"><subfield code="t">Hay Springs news and Hay Springs enterprise, consolidated</subfield><subfield code="w">(DLC)sn 95070294</subfield><subfield code="w">(OCoLC)33094474</subfield></datafield></record>